@inproceedings{Weinert2007a,
    title = {{Generating PDF using XSLT and FPDF}},
    year = {2007},
    booktitle = {International PHP Conference 2007},
    author = {Weinert, Thomas}
}

@inproceedings{Tuuri2007,
    title = {{InnoDB Performance Optimization}},
    year = {2007},
    booktitle = {MySQL Conference {\&} Expo},
    author = {Tuuri, Heikki and Zaitsev, Peter}
}

@inproceedings{Kinoshita2007,
    title = {{InnoDB performance potential in high-end environments}},
    year = {2007},
    booktitle = {MySQL Conference {\&} Expo},
    author = {Kinoshita, Yasufumi}
}

@inproceedings{Weinert2007,
    title = {{Templating via XSLT}},
    year = {2007},
    booktitle = {International PHP Conference 2007},
    author = {Weinert, Thomas},
    pages = {1--28}
}

@inproceedings{Engates2007,
    title = {{The 7 Stages of Scaling Web Apps : Strategies for Architects}},
    year = {2007},
    booktitle = {MySQL Conference {\&} Expo},
    author = {Engates, John}
}

@techreport{GettingPHP,
    title = {{Getting started with PHP and Flex Read Data from PHP}},
    booktitle = {Reading}
}

@article{CorporationLifeblogSpecification,
    title = {{Lifeblog Posting Protocol Specification}},
    author = {Corporation, Nokia},
    number = {1},
    pages = {1--14},
    volume = {1}
}

@misc{2005NokiaBackgrounder,
    title = {{Nokia Lifeblog - Press Backgrounder}},
    year = {2005},
    number = {April},
    pages = {1--4},
    publisher = {Nokia}
}

@unpublished{2007ProposedOverview,
    title = {{Proposed ECMAScript 4 th Edition â€“ Language Overview}},
    year = {2007},
    booktitle = {October},
    number = {October},
    pages = {1--40},
    institution = {ECMA}
}